<record><leader>00000cas a2200000 a 4500</leader><controlfield tag="001">11364467</controlfield><controlfield tag="008">841108d18901892ksuwr ne      0   a0eng d</controlfield><datafield ind1=" " ind2=" " tag="010"><subfield code="a">sn 84029972 </subfield></datafield><datafield ind1=" " ind2=" " tag="040"><subfield code="a">KSH</subfield><subfield code="b">eng</subfield><subfield code="c">KSH</subfield><subfield code="d">NPT</subfield><subfield code="d">OCL</subfield><subfield code="d">OCLCQ</subfield></datafield><datafield ind1=" " ind2=" " tag="042"><subfield code="a">msc</subfield></datafield><datafield ind1="0" ind2="0" tag="245"><subfield code="a">Gove County gazette and republican.</subfield></datafield><datafield ind1=" " ind2=" " tag="260"><subfield code="a">Gove City, Kan. :</subfield><subfield code="b">Killean &amp; Smith,</subfield><subfield code="c">1890-1892.</subfield></datafield><datafield ind1=" " ind2=" " tag="300"><subfield code="a">1 v. :</subfield><subfield code="b">ill. ;</subfield><subfield code="c">55 cm.</subfield></datafield><datafield ind1=" " ind2=" " tag="310"><subfield code="a">Weekly</subfield></datafield><datafield ind1="0" ind2=" " tag="362"><subfield code="a">Vol. 5, no. 5 (May 2, 1890)-v. 6, no. 45 (Feb. 5, 1892).</subfield></datafield><datafield ind1=" " ind2=" " tag="500"><subfield code="a">Published by: Jones &amp; Co., Nov. 21-28, 1890; Jones &amp; Jones, Dec. 5, 1890-Feb. 5, 1892.</subfield></datafield><datafield ind1=" " ind2=" " tag="752"><subfield code="a">United States</subfield><subfield code="b">Kansas</subfield><subfield code="c">Gove</subfield><subfield code="d">Gove City.</subfield></datafield><datafield ind1="0" ind2="4" tag="780"><subfield code="t">Gove County gazette</subfield><subfield code="w">(DLC)sn 84029971</subfield></datafield><datafield ind1="0" ind2="4" tag="780"><subfield code="t">Gove County republican</subfield><subfield code="w">(DLC)sn 84029968</subfield></datafield><datafield ind1="0" ind2="0" tag="785"><subfield code="t">Gove County gazette (Gove City, Kan. : 1892)</subfield><subfield code="w">(DLC)sn 84029973</subfield></datafield></record>